<record><leader>00000cas a2200000 a 4500</leader><controlfield tag="001">24159032</controlfield><controlfield tag="008">910731d19681992iludn ne      0    0eng c</controlfield><datafield ind1=" " ind2=" " tag="010"><subfield code="a">sn 93055889 </subfield></datafield><datafield ind1=" " ind2=" " tag="040"><subfield code="a">SPI</subfield><subfield code="b">eng</subfield><subfield code="c">SPI</subfield><subfield code="d">NVF</subfield><subfield code="d">OCLCQ</subfield><subfield code="d">OCLCF</subfield><subfield code="d">OCLCO</subfield></datafield><datafield ind1="1" ind2=" " tag="029"><subfield code="a">AU@</subfield><subfield code="b">000020743684</subfield></datafield><datafield ind1=" " ind2=" " tag="032"><subfield code="a">313540</subfield><subfield code="b">USPS</subfield></datafield><datafield ind1=" " ind2=" " tag="042"><subfield code="a">pcc</subfield></datafield><datafield ind1=" " ind2=" " tag="043"><subfield code="a">n-us-il</subfield></datafield><datafield ind1="0" ind2=" " tag="130"><subfield code="a">Lincoln courier (Lincoln, Ill. : 1968)</subfield></datafield><datafield ind1="1" ind2="0" tag="245"><subfield code="a">Lincoln courier.</subfield></datafield><datafield ind1=" " ind2=" " tag="260"><subfield code="a">Lincoln, Ill. :</subfield><subfield code="b">James L. Fetgatter,</subfield><subfield code="c">1968-1992.</subfield></datafield><datafield ind1=" " ind2=" " tag="300"><subfield code="a">v.</subfield></datafield><datafield ind1=" " ind2=" " tag="310"><subfield code="a">Daily (except Sunday)</subfield></datafield><datafield ind1="0" ind2=" " tag="362"><subfield code="a">Vol. 112, no. 214 (Aug. 1, 1968)-v. 136, no. 32 (Feb. 1, 1992).</subfield></datafield><datafield ind1=" " ind2="0" tag="651"><subfield code="a">Lincoln (Ill.)</subfield><subfield code="v">Newspapers.</subfield></datafield><datafield ind1=" " ind2="7" tag="655"><subfield code="a">Newspapers.</subfield><subfield code="2">fast</subfield><subfield code="0">(OCoLC)fst01423814</subfield></datafield><datafield ind1=" " ind2="7" tag="651"><subfield code="a">Illinois</subfield><subfield code="z">Lincoln.</subfield><subfield code="2">fast</subfield><subfield code="0">(OCoLC)fst01225922</subfield></datafield><datafield ind1=" " ind2=" " tag="752"><subfield code="a">United States</subfield><subfield code="b">Illinois</subfield><subfield code="c">Logan</subfield><subfield code="d">Lincoln.</subfield></datafield><datafield ind1="0" ind2="0" tag="780"><subfield code="t">Lincoln daily courier (Lincoln, Ill. : 1956)</subfield><subfield code="w">(DLC)sn 93055888</subfield><subfield code="w">(OCoLC)28096335</subfield></datafield><datafield ind1="0" ind2="0" tag="785"><subfield code="t">Courier (Lincoln, Ill.)</subfield><subfield code="w">(DLC)sn 93055890</subfield><subfield code="w">(OCoLC)28096605</subfield></datafield></record>